% This file was created with JabRef 2.10.
% Encoding: Cp1252

@Webpage{EthicsGuideline,
    Url = {https://www.etikkom.no/en/ethical-guidelines-for-research/guidelines-for-research-ethics-in-science-and-technology/},
    Title = {Guidelines for research ethics in science and technology},
    LastChecked = {December 15, 2016}
}

@Book{PracticalResearch,
  title={Practical research: Planning and design},
  author={Leedy and Paul D},
  year={2014},
  edition={10},
  publisher={Pearson Education Limited}
}

@Article{Hendrikx2013,
  title={Procedural content generation for games: A survey},
  author={Hendrikx, Mark and Meijer, Sebastiaan and Van Der Velden, Joeri and Iosup, Alexandru},
  journal={ACM Transactions on Multimedia Computing, Communications, and Applications (TOMM)},
  volume={9},
  number={1},
  pages={1},
  year={2013},
  publisher={ACM}
}

@book{Prusinkiewicz2012,
  title={The algorithmic beauty of plants},
  author={Prusinkiewicz, Przemyslaw and Lindenmayer, Aristid},
  year={1990},
  publisher={Springer-Verlag},
  url={http://algorithmicbotany.org/papers/#abop},
  note={Electronic version: 2012 (Accessed: November 13, 2016)},
}

@article{Lindenmayer1968-1,
title = "Mathematical models for cellular interactions in development {I}. Filaments with one-sided inputs ",
journal = "Journal of Theoretical Biology ",
volume = "18",
number = "3",
pages = "280 - 299",
year = "1968",
note = "",
issn = "0022-5193",
doi = "http://dx.doi.org/10.1016/0022-5193(68)90079-9",
author = "Aristid Lindenmayer"
}

@article{Lindenmayer1968-2,
title = "Mathematical models for cellular interactions in development {II}. Simple and branching filaments with two-sided inputs ",
journal = "Journal of Theoretical Biology ",
volume = "18",
number = "3",
pages = "300 - 315",
year = "1968",
note = "",
issn = "0022-5193",
doi = "http://dx.doi.org/10.1016/0022-5193(68)90080-5",
author = "Aristid Lindenmayer"
}

@article{Prusinkiewicz1988,
 author = {Prusinkiewicz, Przemyslaw and Lindenmayer, Aristid and Hanan, James},
 title = {Development Models of Herbaceous Plants for Computer Imagery Purposes},
 journal = {SIGGRAPH Comput. Graph.},
 issue_date = {Aug. 1988},
 volume = {22},
 number = {4},
 month = jun,
 year = {1988},
 issn = {0097-8930},
 pages = {141--150},
 numpages = {10},
 doi = {10.1145/378456.378503},
 acmid = {378503},
 publisher = {ACM},
 address = {New York, NY, USA},
 keywords = {L-system, development morphology, parallel graph grammar, physiology of plants, realistic image synthesis, scientific visualization, turtle geometry},
} 

@article{Lavie2004,
title = "Assessing dimensions of perceived visual aesthetics of web sites ",
journal = "International Journal of Human-Computer Studies ",
volume = "60",
number = "3",
pages = "269 - 298",
year = "2004",
note = "",
issn = "1071-5819",
doi = "http://dx.doi.org/10.1016/j.ijhcs.2003.09.002",
author = "Talia Lavie and Noam Tractinsky"
}

@INPROCEEDINGS{Xueqiang2012, 
author={Ma Xueqiang and Liu Hong}, 
booktitle={2012 International Symposium on Information Technologies in Medicine and Education}, 
title={Research on an generalized L-system method}, 
year={2012}, 
volume={2}, 
pages={979-984}, 
keywords={botany;data visualisation;digital simulation;hidden Markov models;parallel algorithms;rewriting systems;string matching;Turtle interpretation;botanical principles;branch structure;chronological age;generalized L-system method;grammar system;hidden Markov procedure;iterative procedure;parallel string-rewriting system;physiological age;plant growth dynamic process;plant morphology;stem growth;stochastic quality;virtual plant simulation;visualization;Adaptation models;Biological system modeling;Morphology;Adjoint Function;Generalized L-System;Growth of Virtual Plants;Hidden Markov Model;Substructure}, 
doi={10.1109/ITiME.2012.6291466}, 
month={Aug},}

@INPROCEEDINGS{Wensheng2010, 
author={Dong Wensheng and Zhang Xinyan}, 
booktitle={2010 International Conference on Computer and Communication Technologies in Agriculture Engineering}, 
title={Two modeling methods of virtual plants based on L-system}, 
year={2010}, 
volume={2}, 
pages={28-31}, 
keywords={computer graphics;environmental science computing;stochastic processes;virtual reality;local stochastic character;model grass;multiproduction method;parametric L-systems;statistical character;stochastic parameters model;virtual nature scene;virtual plant;Clocks;Production;L-system;parametric L-system;virtual grass;virtual tree}, 
doi={10.1109/CCTAE.2010.5544263}, 
ISSN={2161-1092}, 
month={June},}

@INPROCEEDINGS{Corchado2009, 
author={M. A. R. Corchado and J. C. S. Ruiz and F. F. R. Corchado and J. R. M. Romero}, 
booktitle={2009 6th International Conference on Electrical Engineering, Computing Science and Automatic Control (CCE)}, 
title={Growing plants for virtual 3D environments}, 
year={2009}, 
pages={1-6}, 
keywords={biology computing;botany;genetic algorithms;virtual reality;L-system;avatars;dynamic objects;genetic algorithm;plant growing;plant modeling;plant simulation;plants growth;static objects;virtual 3D environments;Avatars;Biological cells;Biological system modeling;Computer graphics;Ecosystems;Genetic algorithms;Jacobian matrices;Organisms;Rendering (computer graphics);Virtual environment}, 
doi={10.1109/ICEEE.2009.5393469}, 
month={Jan},}

@INPROCEEDINGS{Mock1998, 
author={K. J. Mock}, 
booktitle={1998 IEEE International Conference on Evolutionary Computation Proceedings. IEEE World Congress on Computational Intelligence (Cat. No.98TH8360)}, 
title={Wildwood: the evolution of L-system plants for virtual environments}, 
year={1998}, 
pages={476-480}, 
keywords={biology computing;botany;digital simulation;functional analysis;genetic algorithms;virtual reality;L-system representation;Wildwood project;artificial-life;genetic algorithm;plant evolution;simulation-style fitness function maximization;virtual environments;virtual gardener;virtual plant breeding;virtual worlds;Art;Avatars;Biological cells;Biological system modeling;Computational modeling;Computer graphics;Genetic algorithms;Humans;Organisms;Rendering (computer graphics)}, 
doi={10.1109/ICEC.1998.699854}, 
month={May},}

@INPROCEEDINGS{Beaumont2009, 
author={D. Beaumont and S. Stepney}, 
booktitle={2009 IEEE Congress on Evolutionary Computation}, 
title={Grammatical Evolution of L-systems}, 
year={2009}, 
pages={2446-2453}, 
keywords={evolutionary computation;grammars;L-systems;branching structures;evolutionary technique;grammatical evolution;graphical object;parallel generative grammars;Bioinformatics;Computer science;Decoding;Fractals;Genomics;Law;Production;Rendering (computer graphics);Space exploration;Testing}, 
doi={10.1109/CEC.2009.4983247}, 
ISSN={1089-778X}, 
month={May},}

@Inbook{Oneil2003,
author="O'Neil, Michael
and Ryan, Conor",
title="Grammatical Evolution",
bookTitle="Grammatical Evolution: Evolutionary Automatic Programming in an Arbitrary Language",
year="2003",
publisher="Springer US",
address="Boston, MA",
pages="33--47",
isbn="978-1-4615-0447-4",
doi="10.1007/978-1-4615-0447-4_4",
}

@INPROCEEDINGS{Ashlock2006, 
author={D. Ashlock and K. M. Bryden and S. P. Gent}, 
booktitle={2006 IEEE International Conference on Evolutionary Computation}, 
title={Simultaneous Evolution of Bracketed L-system Rules and Interpretation}, 
year={2006}, 
pages={2050-2057}, 
keywords={evolutionary computation;grammars;program interpreters;Cartesian plane;Lindenmayer system;bracketed L-system rules;evolutionary algorithm;grammar;graphic turtle;morphological models;simultaneous evolution;Algorithm design and analysis;Character generation;Displays;Evolutionary computation;Graphics;Mathematics;Mechanical engineering;Statistics;Turning;Virtual environment}, 
doi={10.1109/CEC.2006.1688559}, 
ISSN={1089-778X}, 
month={},}

% TEMPLATE

@Article{Askvall1985,
  Title                    = {Computer supported reading vs. reading text on paper: A comparison of two reading situations},
  Author                   = {S. Askvall},
  Journal                  = {International Journal on Man-Machine Studies},
  Year                     = {1985},
  Number                   = {22},
  Pages                    = {425-439},
  Volume                   = {4}
}

@Book{Card1983,
  Title                    = {The psychology of human-computer interaction},
  Author                   = {S. K. Card and T. P. Moran and A. Newell},
  Publisher                = {Erlbaum},
  Year                     = {1983}
}

@Misc{NTNU:Website,
  Title                    = {NTNU Website},
  Author                   = {NTNU},
  howpublished             = {\url{http://www.ntnu.no}},
  Year                     = {2017},
  note										 = {Accessed: 2017-01-20}
}

@InProceedings{Lancaster1985,
  Title                    = {Electronic publication and its impact on the presentation of information},
  Author                   = {F. W. Lancaster and A. Warner},
  Booktitle                = {The technology of text: Principles for structuring, designing, and displaying text},
  Year                     = {1985},
  Editor                   = {D. H. Jonassen},
  Pages                    = {292-309},
  Publisher                = {Educational Technology Publications}
}

@Misc{Meldon1997,
  Title                    = {Reading from the web},
  Author                   = {W. Meldon},
  howpublished						 = {\url{http://www.mit.edu/compsci/humanfactors/report9734.html}},
  note				              = {Accessed: 2010-11-01},
  Year                     = {1997}
}

%this is experimental and only works with our own bst
@Game{Halo,
  Title                    = {Halo},
	Year			= {2003},
	publisher =	{Microsoft},
	developer = {Bungie Studios},
  Url                      = {https://www.halowaypoint.com/en-us/games},
  LastChecked              = {22.01.2017}
}

@comment{jabref-entrytype: Webpage: req[url;year] opt[LastChecked]}
@comment{jabref-entrytype: Game: req[title;publisher;year] opt[Url;developer;level;LastChecked]}

